@article{cohen1998,
  title={A transversely isotropic biphasic model for unconfined compression of growth plate and chondroepiphysis},
  author={Cohen, B and Lai, WM and Mow, VC},
  year={1998}
}
@article{abate2006unified,
  title={A unified framework for numerically inverting Laplace transforms},
  author={Abate, Joseph and Whitt, Ward},
  journal={INFORMS Journal on Computing},
  volume={18},
  number={4},
  pages={408--421},
  year={2006},
  publisher={INFORMS}
}